=LDR  00865cim a2200241 c 4500
=001  991509318754702202
=005  20221020103937.0
=007  sd#f||||||||||
=008  150703s2015\\\\no\||||\|||||||f\|||nno|\
=020  \\$a9788242170620$cNkr 299.00
=041  1\$hita$dnno
=080  \\$a850
=082  74$a853$qNO-OsNB$25/nor
=100  1\$aFerrante, Elena$1http://viaf.org/viaf/32103009$4aut$4http://rdaregistry.info/Elements/w/object/P10061 
=240  //$aL'amica geniale$1http://viaf.org/viaf/313294935
=245  10$aMi briljante venninne$cElena Ferrante ; omsett av Kristin Sørsdal$h[lydopptak]
=246  1\$iOriginaltittel:$aL'amica geniale
=260  \\$a[Oslo]$bLydbokforl.$c2015
=300  \\$a10 CD-er (12 t, 12 min)$c12 cm, i eske
=336  \\$aspoken word$2rdacontent$0http://rdaregistry.info/termList/RDAContentType/1013
=337  \\$aaudio$2rdamedia$0http://rdaregistry.info/termList/RDAMediaType/1001
=338  \\$aaudio disc$2rdacarrier$0http://rdaregistry.info/termList/RDACarrierType/1004
=490  1\$a[Napoli-romanane]$v[1]
=500  \\$aLest av Silje Breivik
=700  1\$aBreivik, Silje$d1975-$1http://viaf.org/viaf/222249305$nrt$4http://rdaregistry.info/Elements/e/object/P20022 
=700  1\$aSørsdal, Kristin$d1966-$1http://viaf.org/viaf/278677010$4trl$4http://rdaregistry.info/Elements/e/object/P20037
=800  1\$aFerrante, Elena$tNapoli-romanane;$v1$0(NO-TrBIB)90763393

