=LDR  00873cim a2200229 c 4500
=001  991512443164702202
=005  20210701083916.0
=007  sd#f||||||||||
=008  151015s2015\\\\no\||||\|||||||f||||nno|d
=020  \\$a978-82-421-7095-8$cNkr 299.00
=041  1\$hita$dnno
=082  04$a853$223/nor$qNO-OsNB
=100  1\$aFerrante, Elena$1http://viaf.org/viaf/32103009$4aut$4http://rdaregistry.info/Elements/w/object/P10061 
=240  //$aStoria del nuovo cognome$1http://viaf.org/viaf/316873931
=245  10$aHistoria om det nye namnet$cElena Ferrante ; omsett av Kristin Sørsdal$h[lydopptak]
=246  1\$iOriginaltittel:$aStoria del nuovo cognome
=260  \\$a[Oslo]$bLydbokforl.$c2015
=300  \\$a14 CD-er (17 t, 36 min)$c12 cm, i eske
=336  \\$aspoken word$2rdacontent$0http://rdaregistry.info/termList/RDAContentType/1013
=337  \\$aaudio$2rdamedia$0http://rdaregistry.info/termList/RDAMediaType/1001
=338  \\$aaudio disc$2rdacarrier$0http://rdaregistry.info/termList/RDACarrierType/1004
=490  1\$a[Napoli-kvartetten]$v[2]
=500  \\$aLest av Silje Breivik
=700  1\$aBreivik, Silje$d1975-$1http://viaf.org/viaf/222249305$nrt$4http://rdaregistry.info/Elements/e/object/P20022 
=700  1\$aSørsdal, Kristin$d1966-$1http://viaf.org/viaf/278677010$4trl$4http://rdaregistry.info/Elements/e/object/P20037
=800  1\$aFerrante, Elena$tNapoli-kvartetten;$v2$0(NO-TrBIB)90763393

