=LDR  00845nam a2200241 c 4500
=001  999919843876002202
=005  20230601101525.0
=007  ta
=008  160628s2016\\\\no\\\\\|\|||||00||f\nno|\
=020  \\$a978-82-521-9023-6$qh.$cNkr 169.00
=041  1\$anno$hita
=082  \\$a853$223/nor$qNO-OsNB
=083  0\$a850$223$qNoOU
=100  1\$aFerrante, Elena$1http://viaf.org/viaf/32103009$4aut$4http://rdaregistry.info/Elements/w/object/P10061 
=240  //$aStoria del nuovo cognome$1http://viaf.org/viaf/316873931
=245  10$aHistoria om det nye namnet :$bunge år : roman$cElena Ferrante ; frå italiensk ved Kristin Sørsdal
=246  1\$iOriginaltittel:$aStoria del nuovo cognome
=250  \\$a2. utg.
=260  \\$bSamlaget$c2016$aOslo
=300  \\$a573 s.$c20 cm
=336  \\$atext$2rdacontent$0http://rdaregistry.info/termList/RDAContentType/1020
=337  \\$aunmediated$2rdamedia$0http://rdaregistry.info/termList/RDAMediaType/1007
=338  \\$avolume$2rdacarrier$0http://rdaregistry.info/termList/RDACarrierType/1049
=490  1\$aNapoli-kvartetten$vbok 2
=500  \\$a1. norske utg. 2015
=700  1\$aSørsdal, Kristin$d1966-$1http://viaf.org/viaf/278677010$4trl$4http://rdaregistry.info/Elements/e/object/P20037
=800  1\$aFerrante, Elena$tNapoli-kvartetten;$vbok 2$0(NO-TrBIB)90763393